<record><leader>00000cas a22000007a 4500</leader><controlfield tag="001">20518735</controlfield><controlfield tag="008">891020d19761983mnuwr ne      0    0eng d</controlfield><datafield ind1=" " ind2=" " tag="010"><subfield code="a">sn 89064065 </subfield></datafield><datafield ind1=" " ind2=" " tag="040"><subfield code="a">MN#</subfield><subfield code="b">eng</subfield><subfield code="c">MN#</subfield><subfield code="d">OCLCQ</subfield><subfield code="d">OCLCF</subfield><subfield code="d">OCLCO</subfield></datafield><datafield ind1=" " ind2=" " tag="042"><subfield code="a">msc</subfield></datafield><datafield ind1=" " ind2=" " tag="043"><subfield code="a">n-us-mn</subfield></datafield><datafield ind1=" " ind2=" " tag="052"><subfield code="a">4144</subfield><subfield code="b">L43</subfield></datafield><datafield ind1=" " ind2=" " tag="052"><subfield code="a">4143</subfield><subfield code="b">L5</subfield></datafield><datafield ind1="0" ind2=" " tag="130"><subfield code="a">News-herald (Le Sueur, Minn.)</subfield></datafield><datafield ind1="1" ind2="0" tag="245"><subfield code="a">News-herald.</subfield></datafield><datafield ind1="1" ind2="3" tag="246"><subfield code="a">Le Sueur news-herald</subfield></datafield><datafield ind1=" " ind2=" " tag="260"><subfield code="a">Le Sueur, Minn. :</subfield><subfield code="b">Eastwood House of Printing,</subfield><subfield code="c">1976-1983.</subfield></datafield><datafield ind1=" " ind2=" " tag="300"><subfield code="a">8 v.</subfield></datafield><datafield ind1="0" ind2=" " tag="362"><subfield code="a">96th year, no. 51 (Dec. 22, 1976)-103rd year, no. 28 (July 14, 1983).</subfield></datafield><datafield ind1=" " ind2=" " tag="530"><subfield code="a">Available on microfilm from the Minnesota Historical Society.</subfield></datafield><datafield ind1=" " ind2="0" tag="651"><subfield code="a">Le Sueur (Minn.)</subfield><subfield code="v">Newspapers.</subfield></datafield><datafield ind1=" " ind2="7" tag="655"><subfield code="a">Newspapers.</subfield><subfield code="2">fast</subfield><subfield code="0">(OCoLC)fst01423814</subfield></datafield><datafield ind1=" " ind2="7" tag="651"><subfield code="a">Minnesota</subfield><subfield code="z">Le Sueur.</subfield><subfield code="2">fast</subfield><subfield code="0">(OCoLC)fst01220200</subfield></datafield><datafield ind1=" " ind2=" " tag="752"><subfield code="a">United States</subfield><subfield code="b">Minnesota</subfield><subfield code="c">Le Sueur</subfield><subfield code="d">Le Sueur.</subfield></datafield><datafield ind1="0" ind2="0" tag="780"><subfield code="t">Sueur news-herald (Le Sueur, Minn. : 1924)</subfield><subfield code="w">(DLC)sn 89064064</subfield></datafield><datafield ind1="0" ind2="0" tag="785"><subfield code="t">Sueur news-herald (Le Sueur, Minn. : 1983)</subfield><subfield code="w">(DLC)sn 89064066</subfield></datafield></record>